@article{kim2016,
	author = {Kim, Jong},
        title = {A Study on the Effect of Financial Inclusion },
        journal = {Emerging Markets Finance and Trade},
	volume = {52},
        number = {2},
        pages = {498--512},
	issn = {1540-496X},
        date = {2016-02-01},
}

@article{ 李晓红2023,
author = {李晓红},
title = {.......},
journal = {......},
volume = {39},
number = {06},
pages = {71-85},
year = {2023},
issn = {1009-8135}
}
